@inproceedings{efros99,
  title={Texture synthesis by non-parametric sampling},
  author={Efros, Alexei A and Leung, Thomas K},
  booktitle={Computer Vision, 1999. The Proceedings of the Seventh IEEE International Conference on},
  volume={2},
  pages={1033--1038},
  year={1999},
  organization={IEEE}
}
